<record><leader>00000cas a22000007a 4500</leader><controlfield tag="001">11794946</controlfield><controlfield tag="008">850312d19351938iaudn ne      0    0eng d</controlfield><datafield ind1=" " ind2=" " tag="010"><subfield code="a">sn 85050763 </subfield></datafield><datafield ind1=" " ind2=" " tag="040"><subfield code="a">INP</subfield><subfield code="b">eng</subfield><subfield code="c">INP</subfield><subfield code="d">OCLCQ</subfield></datafield><datafield ind1=" " ind2=" " tag="042"><subfield code="a">msc</subfield></datafield><datafield ind1="0" ind2="0" tag="245"><subfield code="a">Ames daily tribune and times.</subfield></datafield><datafield ind1="1" ind2="3" tag="246"><subfield code="a">Ames daily tribune-times</subfield></datafield><datafield ind1=" " ind2=" " tag="260"><subfield code="a">Ames, Iowa :</subfield><subfield code="b">Ames Daily Tribune-Times Co.,</subfield><subfield code="c">1935-1938.</subfield></datafield><datafield ind1=" " ind2=" " tag="300"><subfield code="a">3 v. :</subfield><subfield code="b">ill.</subfield></datafield><datafield ind1=" " ind2=" " tag="310"><subfield code="a">Daily (except Sunday)</subfield></datafield><datafield ind1="0" ind2=" " tag="362"><subfield code="a">Vol. 69, no. 91 (Oct. 16, 1935)-v. 71, no. 311 (June 30, 1938).</subfield></datafield><datafield ind1=" " ind2=" " tag="752"><subfield code="a">United States</subfield><subfield code="b">Iowa</subfield><subfield code="c">Story</subfield><subfield code="d">Ames.</subfield></datafield><datafield ind1="0" ind2="0" tag="780"><subfield code="t">Ames daily tribune-times</subfield><subfield code="w">(DLC)sn 85050762</subfield></datafield><datafield ind1="0" ind2="0" tag="785"><subfield code="t">Ames daily tribune (Ames, Iowa : 1938)</subfield><subfield code="w">(DLC)sn 85050766</subfield></datafield></record>